<?xml version="1.0" encoding="UTF-8"?><record xmlns="http://www.loc.gov/MARC21/slim" xmlns:cinclude="http://apache.org/cocoon/include/1.0" xmlns:zs="http://www.loc.gov/zing/srw/">
  <leader>01157cz  a2200265n  4500</leader>
  <controlfield tag="001">n 2003145469</controlfield>
  <controlfield tag="003">DLC</controlfield>
  <controlfield tag="005">20041019052229.0</controlfield>
  <controlfield tag="008">030708n| acaaaaaan           a ana      </controlfield>
  <datafield tag="010" ind1=" " ind2=" ">
    <subfield code="a">n 2003145469</subfield>
  </datafield>
  <datafield tag="035" ind1=" " ind2=" ">
    <subfield code="a">(DNLM)1230519</subfield>
  </datafield>
  <datafield tag="035" ind1=" " ind2=" ">
    <subfield code="a">(OCoLC)oca06096215</subfield>
  </datafield>
  <datafield tag="040" ind1=" " ind2=" ">
    <subfield code="a">DNLM</subfield>
    <subfield code="b">eng</subfield>
    <subfield code="c">DNLM</subfield>
    <subfield code="d">Nz</subfield>
  </datafield>
  <datafield tag="130" ind1=" " ind2="0">
    <subfield code="a">Occasional report series (Massey University. Centre for Public Health Research)</subfield>
  </datafield>
  <datafield tag="410" ind1="2" ind2=" ">
    <subfield code="a">Massey University.</subfield>
    <subfield code="b">Centre for Public Health Research.</subfield>
    <subfield code="t">Occasional report series</subfield>
  </datafield>
  <datafield tag="430" ind1=" " ind2="0">
    <subfield code="a">Centre for Public Health Research occasional report series</subfield>
  </datafield>
  <datafield tag="430" ind1=" " ind2="0">
    <subfield code="a">CPHR occasional report series</subfield>
  </datafield>
  <datafield tag="642" ind1=" " ind2=" ">
    <subfield code="a">no. 1</subfield>
    <subfield code="5">DPCC</subfield>
    <subfield code="5">DNLM</subfield>
  </datafield>
  <datafield tag="643" ind1=" " ind2=" ">
    <subfield code="a">Wellington, N.Z.</subfield>
    <subfield code="b">Centre for Public Health Research, Massey University</subfield>
  </datafield>
  <datafield tag="644" ind1=" " ind2=" ">
    <subfield code="a">f</subfield>
    <subfield code="5">DNLM</subfield>
  </datafield>
  <datafield tag="645" ind1=" " ind2=" ">
    <subfield code="a">t</subfield>
    <subfield code="5">DPCC</subfield>
    <subfield code="5">DNLM</subfield>
  </datafield>
  <datafield tag="646" ind1=" " ind2=" ">
    <subfield code="a">s</subfield>
    <subfield code="5">DNLM</subfield>
  </datafield>
  <datafield tag="670" ind1=" " ind2=" ">
    <subfield code="a">Explanations for socio-economic differences in health, 2002:</subfield>
    <subfield code="b">t.p. (Occasional report series)</subfield>
  </datafield>
  <datafield tag="670" ind1=" " ind2=" ">
    <subfield code="a">Mortality and cancer incidence in New Zealand meat workers, 2004</subfield>
    <subfield code="b">spine (Centre for Public Health Research occasional report series)</subfield>
  </datafield>
  <datafield tag="670" ind1=" " ind2=" ">
    <subfield code="a">Te hauora o ngaĚ tamariki o Whaingaroa, 2004</subfield>
    <subfield code="b">verso t.p. (CPHR occasional report series)</subfield>
  </datafield>
</record>